<?xml version="1.0" encoding="utf-8"?>
<record xmlns="http://www.loc.gov/MARC21/slim" xmlns:xsi="http://www.w3.org/2001/XMLSchema-instance" xsi:schemaLocation="http://www.loc.gov/MARC21/slim http://www.loc.gov/standards/marcxml/schema/MARC21slim.xsd">
	<leader>     nam a22        4500</leader>
	<controlfield tag="001">3348224</controlfield>
	<controlfield tag="003">NNC</controlfield>
	<controlfield tag="006">m        d        </controlfield>
	<controlfield tag="007">cr cn |||m|||a</controlfield>
	<controlfield tag="008">160623s1881    ua      o     000 0 ara d</controlfield>
	<datafield ind1=" " ind2=" " tag="040">
		<subfield code="a">NNU</subfield>
		<subfield code="b">eng</subfield>
		<subfield code="e">rda</subfield>
		<subfield code="c">NNU</subfield>
	</datafield>
	<datafield ind1=" " ind2="4" tag="050">
		<subfield code="a">BP130.4</subfield>
		<subfield code="b">.S55 1881</subfield>
	</datafield>
	<datafield ind1="1" ind2=" " tag="100">
		<subfield code="6">880-01</subfield>
		<subfield code="a">Shirbīnī, Muḥammad ibn Aḥmad,</subfield>
		<subfield code="d">-1570.</subfield>
	</datafield>
	<datafield ind1="1" ind2="3" tag="245">
		<subfield code="6">880-02</subfield>
		<subfield code="a">al-Sirāj al-munīr fī al-iʻānah ʻalá maʻrifat baʻḍ maʻānī kalām rabbinā al-ḥakīm al-khabīr</subfield>
		<subfield code="h">[microform]</subfield>
		<subfield code="c">lil-Shirbīnī. Wa-bi-hāmishihi Fatḥ al-Raḥmān bi-kashf mā yalbisu fī al-Qurʼān / li-Abī Yaḥyá Zakarīyā al-Anṣārī.</subfield>
	</datafield>
	<datafield ind1=" " ind2=" " tag="260">
		<subfield code="6">880-03</subfield>
		<subfield code="a">[Būlāq] :</subfield>
		<subfield code="b">[Maṭbaʻat Būlāq],</subfield>
		<subfield code="c">[1299] [i.e. 1881]</subfield>
	</datafield>
	<datafield ind1=" " ind2=" " tag="300">
		<subfield code="a">online resource (4 volumes)</subfield>
	</datafield>
	<datafield ind1=" " ind2=" " tag="336">
		<subfield code="a">text</subfield>
		<subfield code="2">rdacontent</subfield>
	</datafield>
	<datafield ind1=" " ind2=" " tag="337">
		<subfield code="a">computer</subfield>
		<subfield code="2">rdamedia</subfield>
	</datafield>
	<datafield ind1=" " ind2=" " tag="338">
		<subfield code="a">online resource</subfield>
		<subfield code="2">rdacarrier</subfield>
	</datafield>
	<datafield ind1=" " ind2=" " tag="500">
		<subfield code="a">In Arabic.</subfield>
	</datafield>
	<datafield ind1=" " ind2=" " tag="500">
		<subfield code="a">Part of the Arabic Collections Online (ACO) project, contributed by Columbia University Libraries.</subfield>
	</datafield>
	<datafield ind1=" " ind2=" " tag="533">
		<subfield code="a">Electronic reproduction.</subfield>
		<subfield code="b">New York, N.Y. :</subfield>
		<subfield code="c">New York University,</subfield>
		<subfield code="d">2016.</subfield>
		<subfield code="5">NNU</subfield>
	</datafield>
	<datafield ind1="0" ind2="0" tag="630">
		<subfield code="a">Qurʼan</subfield>
		<subfield code="x">Hermeneutics</subfield>
		<subfield code="v">Early works to 1800.</subfield>
	</datafield>
	<datafield ind1="0" ind2="0" tag="630">
		<subfield code="a">Qurʼan</subfield>
		<subfield code="x">Criticism, interpretation, etc.</subfield>
		<subfield code="v">Early works to 1800.</subfield>
	</datafield>
	<datafield ind1="0" ind2="7" tag="630">
		<subfield code="a">Qurʼan.</subfield>
		<subfield code="2">fast</subfield>
		<subfield code="0">(OCoLC)fst01842877</subfield>
	</datafield>
	<datafield ind1=" " ind2="7" tag="650">
		<subfield code="a">Hermeneutics.</subfield>
		<subfield code="2">fast</subfield>
		<subfield code="0">(OCoLC)fst00955492</subfield>
	</datafield>
	<datafield ind1=" " ind2="7" tag="655">
		<subfield code="a">Criticism, interpretation, etc.</subfield>
		<subfield code="2">fast</subfield>
		<subfield code="0">(OCoLC)fst01411635</subfield>
	</datafield>
	<datafield ind1=" " ind2="7" tag="655">
		<subfield code="a">Early works.</subfield>
		<subfield code="2">fast</subfield>
		<subfield code="0">(OCoLC)fst01411636</subfield>
	</datafield>
	<datafield ind1="1" ind2=" " tag="700">
		<subfield code="6">880-04</subfield>
		<subfield code="a">Anṣārī, Zakarīyā ibn Muḥammad,</subfield>
		<subfield code="d">approximately 1423-approximately 1520.</subfield>
		<subfield code="t">Fatḥ al-Raḥmān bi-kashf mā yaltabisu fī al-Qurʼān.</subfield>
	</datafield>
	<datafield ind1="2" ind2=" " tag="710">
		<subfield code="a">Columbia University.</subfield>
		<subfield code="b">Libraries.</subfield>
	</datafield>
	<datafield ind1="0" ind2=" " tag="730">
		<subfield code="a">Arabic Collections Online.</subfield>
	</datafield>
	<datafield ind1="0" ind2="8" tag="776">
		<subfield code="i">Online version:</subfield>
		<subfield code="a">Shirbīnī, Muḥammad ibn Aḥmad, -1570.</subfield>
		<subfield code="t">Sirāj al-munīr fī al-iʻānah ʻalá maʻrifat baʻḍ maʻānī kalām rabbinā al-ḥakīm al-khabīr.</subfield>
		<subfield code="d">[Bulāq Maṭbaʻat Bulāq, 1299 [i.e. 1881]</subfield>
		<subfield code="w">(OCoLC)654172471</subfield>
	</datafield>
	<datafield ind1="0" ind2="8" tag="776">
		<subfield code="i">Print version:</subfield>
		<subfield code="a">Shirbīnī, Muḥammad ibn Aḥmad, -1570.</subfield>
		<subfield code="t">al-Sirāj al-munīr fī al-iʻānah ʻalá maʻrifat baʻḍ maʻānī kalām rabbinā al-ḥakīm al-khabīr</subfield>
		<subfield code="w">(NNC)3348224</subfield>
		<subfield code="w">(OCoLC)56176556</subfield>
		<subfield code="w">(OCoLC)56176556</subfield>
	</datafield>
	<datafield ind1="4" ind2="0" tag="856">
		<subfield code="u">http://hdl.handle.net/2333.1/rv15dzrf</subfield>
	</datafield>
	<datafield ind1="1" ind2=" " tag="880">
		<subfield code="6">100-01/r</subfield>
		<subfield code="a">شربيني، محمد بن احمد،</subfield>
		<subfield code="d">-1570.</subfield>
	</datafield>
	<datafield ind1="1" ind2="2" tag="880">
		<subfield code="6">245-02/r</subfield>
		<subfield code="a">السراج المنير في الإعانة على معرفة بعض معاني كلام ربنا الحكيم الخبير /</subfield>
		<subfield code="c">للخطيب الشربيني. وبهامشه فتح الرحمن بكشف ما يلتبس في القرآن / لأبي يحيى زكريا الأنصاري.</subfield>
	</datafield>
	<datafield ind1=" " ind2=" " tag="880">
		<subfield code="6">260-03/r</subfield>
		<subfield code="a">[بولاق] :</subfield>
		<subfield code="b">[مطبعة بولاق]،</subfield>
		<subfield code="c">[1299] [ا.. 1881]</subfield>
	</datafield>
	<datafield ind1="1" ind2=" " tag="880">
		<subfield code="6">700-04/r</subfield>
		<subfield code="a">انصاري، زكريا بن محمد،</subfield>
		<subfield code="d">approximately 1423-approximately 1520.</subfield>
		<subfield code="t">فتح الرحمن بكشف ما يلتبس في القرآن.</subfield>
	</datafield>
	<datafield ind1=" " ind2=" " tag="959">
		<subfield code="a">NNU</subfield>
		<subfield code="b">WEB</subfield>
		<subfield code="c">GENI</subfield>
		<subfield code="t">0</subfield>
		<subfield code="m">Electronic access</subfield>
		<subfield code="s">01</subfield>
	</datafield>
	<datafield ind1=" " ind2=" " tag="999">
		<subfield code="i">NNC_3348224</subfield>
		<subfield code="o">(OCoLC)ocm56176556</subfield>
		<subfield code="s">columbia_aco001975:v.1</subfield>
		<subfield code="s">columbia_aco001976:v.2</subfield>
		<subfield code="s">columbia_aco001977:v.3</subfield>
		<subfield code="s">columbia_aco001978:v.4</subfield>
		<subfield code="e">(ERROR-MISC)</subfield>
		<subfield code="s">columbia_aco001975:v.1</subfield>
		<subfield code="s">columbia_aco001976:v.2</subfield>
		<subfield code="s">columbia_aco001977:v.3</subfield>
		<subfield code="s">columbia_aco001978:v.4</subfield>
	</datafield>
</record>
